<record><leader>00000cas a2200000 a 4500</leader><controlfield tag="001">50807147</controlfield><controlfield tag="008">021018d190u19uunyuwr ne      0    0eng c</controlfield><datafield ind1=" " ind2=" " tag="010"><subfield code="a">sn2002061581</subfield></datafield><datafield ind1=" " ind2=" " tag="040"><subfield code="a">NYS</subfield><subfield code="b">eng</subfield><subfield code="c">NYS</subfield><subfield code="d">OCLCQ</subfield><subfield code="d">OCLCF</subfield><subfield code="d">OCLCO</subfield></datafield><datafield ind1="1" ind2=" " tag="029"><subfield code="a">AU@</subfield><subfield code="b">000024163172</subfield></datafield><datafield ind1=" " ind2=" " tag="042"><subfield code="a">pcc</subfield></datafield><datafield ind1=" " ind2=" " tag="043"><subfield code="a">n-us-ny</subfield></datafield><datafield ind1="0" ind2=" " tag="130"><subfield code="a">Talk (Pleasantville, N.Y.)</subfield></datafield><datafield ind1="1" ind2="0" tag="245"><subfield code="a">Talk.</subfield></datafield><datafield ind1="1" ind2="7" tag="246"><subfield code="a">Pleasantville talk</subfield></datafield><datafield ind1=" " ind2=" " tag="260"><subfield code="a">Pleasantville, N.Y. :</subfield><subfield code="b">Cecil Press,</subfield><subfield code="c">190?-</subfield></datafield><datafield ind1=" " ind2=" " tag="300"><subfield code="a">v. ;</subfield><subfield code="c">36 cm.</subfield></datafield><datafield ind1="1" ind2=" " tag="362"><subfield code="a">Began 1907?</subfield></datafield><datafield ind1="1" ind2=" " tag="362"><subfield code="a">Ceased 1909?</subfield></datafield><datafield ind1=" " ind2=" " tag="500"><subfield code="a">"To preach--To practice."</subfield></datafield><datafield ind1=" " ind2=" " tag="500"><subfield code="a">Publisher and editor: Edmund J. Moore.</subfield></datafield><datafield ind1=" " ind2=" " tag="588"><subfield code="a">Latest issue consulted: Vol. 2, no. 43;whole no. 95 (April 30, 1909).</subfield></datafield><datafield ind1=" " ind2="0" tag="651"><subfield code="a">Pleasantville (N.Y.)</subfield><subfield code="v">Newspapers.</subfield></datafield><datafield ind1=" " ind2="0" tag="651"><subfield code="a">Westchester County (N.Y.)</subfield><subfield code="v">Newspapers.</subfield></datafield><datafield ind1=" " ind2="7" tag="655"><subfield code="a">Newspapers.</subfield><subfield code="2">fast</subfield><subfield code="0">(OCoLC)fst01423814</subfield></datafield><datafield ind1=" " ind2="7" tag="651"><subfield code="a">New York (State)</subfield><subfield code="z">Pleasantville.</subfield><subfield code="2">fast</subfield><subfield code="0">(OCoLC)fst01213657</subfield></datafield><datafield ind1=" " ind2="7" tag="651"><subfield code="a">New York (State)</subfield><subfield code="z">Westchester County.</subfield><subfield code="2">fast</subfield><subfield code="0">(OCoLC)fst01202684</subfield></datafield><datafield ind1=" " ind2=" " tag="752"><subfield code="a">United States</subfield><subfield code="b">New York</subfield><subfield code="c">Westchester</subfield><subfield code="d">Pleasantville.</subfield></datafield></record>